@inproceedings{stout1997adaptive,
  title={Adaptive blocks: A high performance data structure},
  author={Stout, Quentin F and De Zeeuw, Darren L and Gombosi, Tamas I and Groth, Clinton PT and Marshall, Hal G and Powell, Kenneth G},
  booktitle={Supercomputing, ACM/IEEE 1997 Conference},
  pages={57--57},
  year={1997},
  organization={IEEE}
}

@article{toth2012adaptive,
  title={Adaptive numerical algorithms in space weather modeling},
  author={T{\'o}th, G{\'a}bor and Van der Holst, Bart and Sokolov, Igor V and De Zeeuw, Darren L and Gombosi, Tamas I and Fang, Fang and Manchester, Ward B and Meng, Xing and Najib, Dalal and Powell, Kenneth G and others},
  journal={Journal of Computational Physics},
  volume={231},
  number={3},
  pages={870--903},
  year={2012},
  publisher={Elsevier}
}

@misc{FortranOpenMPManual,
    author    = "Miguel Hermanns",
    title     = "Parallel Programming in Fortran 95 using OpenMP",
    year      ={2002}, 
}

@misc{hybrid2013,
    author    = "St√©phane Ethier",
    title     = "Introduction to mixed parallel programming using MPI and OpenMP",
    year      ={2013}, 
}

@misc{hybrid2017,
    title     = "Best Practice Guide to Hybrid MPI + OpenMP Programming",
    year      ={2017}, 
}